@incollection{Shah2024,
  author    = {P. Shah and O. Karmarkar and D. Dholakia and K. Srivastava},
  title     = {Safarnaama: User Experience-Based Travel Recommendation System},
  booktitle = {Data Management, Analytics and Innovation. ICDMAI 2024},
  editor    = {N. Sharma and A. C. Goje and A. Chakrabarti and A. M. Bruckstein},
  volume    = {997},
  series    = {Lecture Notes in Networks and Systems},
  year      = {2024},
  publisher = {Springer, Singapore},
  doi       = {10.1007/978-981-97-3242-5_18},
}
